<collection xmlns="http://www.loc.gov/MARC21/slim"><record><leader>00800nam  2200241   450</leader><controlfield tag="001">387</controlfield><controlfield tag="003">http://montalegre.opacnet.com/OPAC/default.aspx?ContentAreaControl=ShowRegHoldings.ascx&amp;RegNo=16662</controlfield><datafield tag="021" ind1=" " ind2=" "><subfield code="a">PT</subfield><subfield code="b">1227/84</subfield></datafield><datafield tag="095" ind1=" " ind2=" "><subfield code="a">PTBN00028073</subfield></datafield><datafield tag="100" ind1=" " ind2=" "><subfield code="a">19940509d1984    m  y0pory010305  ba</subfield></datafield><datafield tag="101" ind1="1" ind2=" "><subfield code="a">por</subfield></datafield><datafield tag="102" ind1=" " ind2=" "><subfield code="a">PT</subfield></datafield><datafield tag="200" ind1="1" ind2=" "><subfield code="a">Moira</subfield><subfield code="f">Julien Green</subfield><subfield code="g">trad. António de Sousa</subfield><subfield code="g">pref. Vitorino Nemésio</subfield></datafield><datafield tag="205" ind1=" " ind2=" "><subfield code="a">2ª ed</subfield></datafield><datafield tag="210" ind1=" " ind2=" "><subfield code="a">[Lisboa]</subfield><subfield code="c">Ulisseia</subfield><subfield code="d">[D.L. 1984]</subfield></datafield><datafield tag="215" ind1=" " ind2=" "><subfield code="a">276 p.</subfield><subfield code="d">22 cm</subfield></datafield><datafield tag="225" ind1="2" ind2=" "><subfield code="a">Clássicos do romance contemporâneo</subfield><subfield code="v">5</subfield></datafield><datafield tag="675" ind1=" " ind2=" "><subfield code="a">821</subfield><subfield code="v">bn</subfield><subfield code="z">por</subfield></datafield><datafield tag="700" ind1=" " ind2="1"><subfield code="a">Greene</subfield><subfield code="b">Graham</subfield><subfield code="f">1904-1991</subfield></datafield><datafield tag="702" ind1=" " ind2="1"><subfield code="a">Sousa</subfield><subfield code="b">António de</subfield><subfield code="f">1898-1981</subfield><subfield code="4">730</subfield></datafield><datafield tag="702" ind1=" " ind2="1"><subfield code="a">Nemésio</subfield><subfield code="b">Vitorino</subfield><subfield code="f">1901-1978</subfield><subfield code="4">730</subfield></datafield><datafield tag="801" ind1=" " ind2="0"><subfield code="a">PT</subfield><subfield code="b">Biblioteca Municipal de Montalegre</subfield><subfield code="g">RPC</subfield></datafield><datafield tag="856" ind1=" " ind2=" "><subfield code="u">locateMedia.asp?cod=20060516093716&amp;ext=jpg</subfield><subfield code="z">CAPA</subfield></datafield><datafield tag="909" ind1="&#9;" ind2=" "><subfield code="a">1</subfield></datafield><datafield tag="966" ind1=" " ind2=" "><subfield code="a">0008456</subfield><subfield code="l">BMM</subfield><subfield code="s">SCG 821 GRE moi</subfield></datafield></record></collection>